@article{nn301,
  title={NN 3.01: Diretrizes B{\'a}sicas de Prote{\c{c}}ao Radiol{\'o}gica},
  author={CNEN},
  journal={Rio de Janeiro, Brasil},
  year={2011}
}

@misc{nn610,
  title={6.10: Requisitos de seguran{\c{c}}a e Prote{\c{c}}{\~a}o Radiol{\'o}gia para Servi{\c{c}}os de Radioterapia},
  author={CNEN},
  year={2017},
  publisher={Brasil}
}

@article{nn602,
  title={NN 6.02: Licenciamento de Instala{\c{c}}{\~o}es Radiativas. Comiss{\~a}o Nacional de Energia Nuclear},
  author={CNEN},
  year={2017}
}

@article{pr301_04,
  title={PR 3.01/004: Restrição de Dose, Níveis de Referência Ocupacionais e Classificação de Áreas},
  author={CNEN},
  journal={Rio de Janeiro, Brasil},
  year={2011}
}

@techreport{update_tecdoc1151,
  title={Physical aspects of radiotherapy quality assurance: quality control protocol-Update of IAEA TECDOC-1151},
  author={Alfonso, R and Andreo, P and Brunetto, M and Castellanos, E and Jimenez, E and Venencia, D and Silvestre, I},
  year={2010}
}

@misc{trs398,
  title={Absorbed dose determination in external beam radiotherapy: an international code of practice for dosimetry based on standards of absorbed dose to water; technical reports series No. 398},
  author={Musolino, Stephen V},
  year={2001},
  publisher={LWW}
}

@techreport{tecdoc1151,
  title={Aspectos f{\'\i}sicos da garantia da qualidade da radioterapia: protocolo de controle de qualidade-Atualiza{\c{c}}{\~a}o da IAEA TECDOC-1151},
  author={Alfonso, R and others},
  year={2010},
  institution={AIEA-CN-182}
}

@article{joana2018risk,
  title={Risk management in radiation therapy with SEVRRA},
  author={Joana, Ge{\'o}rgia Santos and Gon{\c{c}}alves, Marcello Gomes and Salata, Camila and Teixeira, Fl{\'a}via Cristina and Sandrini, Emmilly and Bittencourt, Guilherme and Salmon, Helio and Fairbanks, Leandro and Fortes, Saulo Santos and do Socorro Nogueira, Maria},
  journal={Brazilian Journal of Radiation Sciences},
  volume={6},
  number={3},
  year={2018}
}

@misc{sevrra,
  title = {SEVRRA},
  howpublished = {\url{https://www.foroiberam.org/}},
  note = {Accessed: 2024-01-16}
}